{
  "leader": "03413cam  22006254a 4500",
  "fields": [
    {
      "001": "ocm40698530\\"
    },
    {
      "003": "OCoLC"
    },
    {
      "005": "20211112123200.0"
    },
    {
      "008": "990120s1999\\\\\\\\mdua\\\\\\\\\\b\\\\\\\\001\\0\\eng\\\\"
    },
    {
      "010": {
        "ind1": "\\",
        "ind2": "\\",
        "subfields": [
          {
            "a": "   99012653 "
          }
        ]
      }
    },
    {
      "040": {
        "ind1": "\\",
        "ind2": "\\",
        "subfields": [
          {
            "a": "DLC"
          },
          {
            "b": "eng"
          },
          {
            "c": "DLC"
          },
          {
            "d": "NLM"
          },
          {
            "d": "OKS"
          },
          {
            "d": "BAKER"
          },
          {
            "d": "BTCTA"
          },
          {
            "d": "YDXCP"
          },
          {
            "d": "OCLCG"
          },
          {
            "d": "IG#"
          },
          {
            "d": "BDX"
          },
          {
            "d": "OCLCF"
          },
          {
            "d": "OCLCQ"
          },
          {
            "d": "OCLCO"
          },
          {
            "d": "OCLCQ"
          },
          {
            "d": "OCLCO"
          },
          {
            "d": "OCLCA"
          },
          {
            "d": "PAU"
          },
          {
            "d": "LVT"
          },
          {
            "d": "UNM"
          },
          {
            "d": "OCLCQ"
          }
        ]
      }
    },
    {
      "016": {
        "ind1": "7",
        "ind2": "\\",
        "subfields": [
          {
            "a": "100930315"
          },
          {
            "2": "DNLM"
          }
        ]
      }
    },
    {
      "020": {
        "ind1": "\\",
        "ind2": "\\",
        "subfields": [
          {
            "a": "0801861969"
          },
          {
            "q": "(pbk. ;"
          },
          {
            "q": "acid-free paper)"
          }
        ]
      }
    },
    {
      "020": {
        "ind1": "\\",
        "ind2": "\\",
        "subfields": [
          {
            "a": "9780801861963"
          },
          {
            "q": "(pbk. ;"
          },
          {
            "q": "acid-free paper)"
          }
        ]
      }
    },
    {
      "035": {
        "ind1": "\\",
        "ind2": "\\",
        "subfields": [
          {
            "a": "(OCoLC)40698530"
          }
        ]
      }
    },
    {
      "042": {
        "ind1": "\\",
        "ind2": "\\",
        "subfields": [
          {
            "a": "pcc"
          }
        ]
      }
    },
    {
      "043": {
        "ind1": "\\",
        "ind2": "\\",
        "subfields": [
          {
            "a": "n-usu--"
          }
        ]
      }
    },
    {
      "050": {
        "ind1": "1",
        "ind2": "0",
        "subfields": [
          {
            "a": "RC211.S85"
          },
          {
            "b": "H85 1999"
          }
        ]
      }
    },
    {
      "060": {
        "ind1": "0",
        "ind2": "0",
        "subfields": [
          {
            "a": "2000 B-828"
          }
        ]
      }
    },
    {
      "060": {
        "ind1": "1",
        "ind2": "0",
        "subfields": [
          {
            "a": "WC 532"
          },
          {
            "b": "H927y 1992a"
          }
        ]
      }
    },
    {
      "082": {
        "ind1": "0",
        "ind2": "0",
        "subfields": [
          {
            "a": "614.541097509034"
          },
          {
            "b": "HUM"
          }
        ]
      }
    },
    {
      "100": {
        "ind1": "1",
        "ind2": "\\",
        "subfields": [
          {
            "a": "Humphreys, Margaret,"
          },
          {
            "d": "1955-"
          }
        ]
      }
    },
    {
      "245": {
        "ind1": "1",
        "ind2": "0",
        "subfields": [
          {
            "a": "Yellow fever and the South /"
          },
          {
            "c": "Margaret Humphreys."
          }
        ]
      }
    },
    {
      "260": {
        "ind1": "\\",
        "ind2": "\\",
        "subfields": [
          {
            "a": "Baltimore, Md. :"
          },
          {
            "b": "Johns Hopkins University Press,"
          },
          {
            "c": "[1999]"
          }
        ]
      }
    },
    {
      "300": {
        "ind1": "\\",
        "ind2": "\\",
        "subfields": [
          {
            "a": "x, 226 pages :"
          },
          {
            "b": "illustrations ;"
          },
          {
            "c": "23 cm"
          }
        ]
      }
    },
    {
      "336": {
        "ind1": "\\",
        "ind2": "\\",
        "subfields": [
          {
            "a": "text"
          },
          {
            "b": "txt"
          },
          {
            "2": "rdacontent"
          }
        ]
      }
    },
    {
      "337": {
        "ind1": "\\",
        "ind2": "\\",
        "subfields": [
          {
            "a": "unmediated"
          },
          {
            "b": "n"
          },
          {
            "2": "rdamedia"
          }
        ]
      }
    },
    {
      "338": {
        "ind1": "\\",
        "ind2": "\\",
        "subfields": [
          {
            "a": "volume"
          },
          {
            "b": "nc"
          },
          {
            "2": "rdacarrier"
          }
        ]
      }
    },
    {
      "500": {
        "ind1": "\\",
        "ind2": "\\",
        "subfields": [
          {
            "a": "Previously published: New Brunswick : Rutgers University Press, 1992."
          }
        ]
      }
    },
    {
      "504": {
        "ind1": "\\",
        "ind2": "\\",
        "subfields": [
          {
            "a": "Includes bibliographical references (pages 183-215) and index."
          }
        ]
      }
    },
    {
      "505": {
        "ind1": "2",
        "ind2": "0",
        "subfields": [
          {
            "t": "Introduction."
          },
          {
            "g": "p. 1."
          }
        ]
      }
    },
    {
      "505": {
        "ind1": "2",
        "ind2": "0",
        "subfields": [
          {
            "g": "1."
          },
          {
            "t": "Pursuing an Elusive Disease: Etiology and the Control of Yellow Fever."
          },
          {
            "g": "p. 17."
          }
        ]
      }
    },
    {
      "505": {
        "ind1": "2",
        "ind2": "0",
        "subfields": [
          {
            "g": "2."
          },
          {
            "t": "Yellow Fever, the South, and the Nation, 1840-1880."
          },
          {
            "g": "p. 45."
          }
        ]
      }
    },
    {
      "505": {
        "ind1": "2",
        "ind2": "0",
        "subfields": [
          {
            "g": "3."
          },
          {
            "t": "Disease, Disorder, and Deficit: The Business Malaise."
          },
          {
            "g": "p. 77."
          }
        ]
      }
    },
    {
      "505": {
        "ind1": "2",
        "ind2": "0",
        "subfields": [
          {
            "g": "4."
          },
          {
            "t": "Search for Confidence: Southern Public Health, 1881-1900."
          },
          {
            "g": "p. 113."
          }
        ]
      }
    },
    {
      "505": {
        "ind1": "2",
        "ind2": "0",
        "subfields": [
          {
            "g": "5."
          },
          {
            "t": "Last Campaign: Yellow Fever, Southern Public Health, and Federal Authority in the New Century."
          },
          {
            "g": "p. 149."
          }
        ]
      }
    },
    {
      "505": {
        "ind1": "2",
        "ind2": "0",
        "subfields": [
          {
            "t": "Epilogue."
          },
          {
            "g": "p. 179."
          }
        ]
      }
    },
    {
      "505": {
        "ind1": "2",
        "ind2": "0",
        "subfields": [
          {
            "t": "Notes."
          },
          {
            "g": "p. 183."
          }
        ]
      }
    },
    {
      "505": {
        "ind1": "2",
        "ind2": "0",
        "subfields": [
          {
            "t": "Essay on Sources."
          },
          {
            "g": "p. 217."
          }
        ]
      }
    },
    {
      "505": {
        "ind1": "2",
        "ind2": "0",
        "subfields": [
          {
            "t": "Index."
          },
          {
            "g": "p. 221."
          }
        ]
      }
    },
    {
      "520": {
        "ind1": "\\",
        "ind2": "\\",
        "subfields": [
          {
            "a": "In the last half of the nineteenth century, yellow fever plagued the American South. It stalked the region's steaming cities, killing its victims with overwhelming hepatitis and hemorrhage. Margaret Humphrey's explores the ways in which the tropical disease hampered commerce, frustrated the scientific community, and eventually galvanized local and federal authorities into forming public health boards. She pays particular attention to the various theories for containing the disease and the constant tension between state and federal officials over how public funds should be spent. Her research recovers the specific concerns of the late nineteenth - and early twentieth-century South, boradening our understanding of the evolution of preventive medicine in the United States."
          }
        ]
      }
    },
    {
      "650": {
        "ind1": "\\",
        "ind2": "0",
        "subfields": [
          {
            "a": "Yellow fever"
          },
          {
            "z": "Southern States"
          },
          {
            "x": "History."
          }
        ]
      }
    },
    {
      "650": {
        "ind1": "1",
        "ind2": "2",
        "subfields": [
          {
            "a": "Yellow Fever"
          },
          {
            "x": "history."
          }
        ]
      }
    },
    {
      "650": {
        "ind1": "2",
        "ind2": "2",
        "subfields": [
          {
            "a": "Disease Outbreaks"
          },
          {
            "x": "prevention & control."
          }
        ]
      }
    },
    {
      "650": {
        "ind1": "2",
        "ind2": "2",
        "subfields": [
          {
            "a": "History, 19th Century."
          }
        ]
      }
    },
    {
      "650": {
        "ind1": "2",
        "ind2": "2",
        "subfields": [
          {
            "a": "Public Health"
          },
          {
            "x": "history."
          }
        ]
      }
    },
    {
      "650": {
        "ind1": "2",
        "ind2": "2",
        "subfields": [
          {
            "a": "Southeastern United States."
          }
        ]
      }
    },
    {
      "650": {
        "ind1": "\\",
        "ind2": "7",
        "subfields": [
          {
            "a": "Yellow fever."
          },
          {
            "2": "fast"
          },
          {
            "0": "(OCoLC)fst01182653"
          }
        ]
      }
    },
    {
      "651": {
        "ind1": "\\",
        "ind2": "7",
        "subfields": [
          {
            "a": "Southern States."
          },
          {
            "2": "fast"
          },
          {
            "0": "(OCoLC)fst01244550"
          }
        ]
      }
    },
    {
      "655": {
        "ind1": "\\",
        "ind2": "7",
        "subfields": [
          {
            "a": "History."
          },
          {
            "2": "fast"
          },
          {
            "0": "(OCoLC)fst01411628"
          }
        ]
      }
    },
    {
      "856": {
        "ind1": "4",
        "ind2": "2",
        "subfields": [
          {
            "3": "Contributor biographical information"
          },
          {
            "u": "http://catdir.loc.gov/catdir/bios/jhu052/99012653.html"
          }
        ]
      }
    },
    {
      "856": {
        "ind1": "4",
        "ind2": "2",
        "subfields": [
          {
            "3": "Publisher description"
          },
          {
            "u": "http://catdir.loc.gov/catdir/description/jhu052/99012653.html"
          }
        ]
      }
    },
    {
      "994": {
        "ind1": "\\",
        "ind2": "\\",
        "subfields": [
          {
            "a": "Z0"
          },
          {
            "b": "NYRVC"
          }
        ]
      }
    },
    {
      "948": {
        "ind1": "\\",
        "ind2": "\\",
        "subfields": [
          {
            "h": "NO HOLDINGS IN NYRVC - 116 OTHER HOLDINGS"
          }
        ]
      }
    },
    {
      "999": {
        "ind1": "\\",
        "ind2": "\\",
        "subfields": [
          {
            "a": "00000000012141"
          }
        ]
      }
    }
  ]
}